@Article{Renaud2002,
    author = {J. Renaud and F. Boctor and G. Laporte},
    title = {Perturbation heuristics for the pickup and delivery traveling salesman problem},
    journal = {Computers and Operations Research},
    year = {2002},
    Date-Added = {5/22/2020 12:00:00 AM},
    Date-Modified = {1/24/2021 12:00:00 AM},
}